<record><leader>00000cas a2200000 a 4500</leader><controlfield tag="001">35003668</controlfield><controlfield tag="008">960628d18951923miuwr ne      0    0eng c</controlfield><datafield ind1=" " ind2=" " tag="010"><subfield code="a">sn 96076761 </subfield></datafield><datafield ind1=" " ind2=" " tag="040"><subfield code="a">MHN</subfield><subfield code="b">eng</subfield><subfield code="c">MHN</subfield><subfield code="d">OCL</subfield><subfield code="d">OCLCQ</subfield><subfield code="d">OCLCF</subfield><subfield code="d">OCLCO</subfield></datafield><datafield ind1="1" ind2=" " tag="029"><subfield code="a">AU@</subfield><subfield code="b">000012570522</subfield></datafield><datafield ind1=" " ind2=" " tag="042"><subfield code="a">pcc</subfield></datafield><datafield ind1=" " ind2=" " tag="043"><subfield code="a">n-us-mi</subfield></datafield><datafield ind1="0" ind2="4" tag="245"><subfield code="a">The Clare courier.</subfield></datafield><datafield ind1=" " ind2=" " tag="260"><subfield code="a">Clare, Mich. :</subfield><subfield code="b">A.R. Canfield</subfield></datafield><datafield ind1=" " ind2=" " tag="300"><subfield code="a">v.</subfield></datafield><datafield ind1=" " ind2=" " tag="310"><subfield code="a">Weekly</subfield></datafield><datafield ind1="0" ind2=" " tag="362"><subfield code="a">[Vol. 1, no. 1] (June 28, 1895)-v. 28, no. 40 (Feb. 23, 1923).</subfield></datafield><datafield ind1=" " ind2=" " tag="500"><subfield code="a">Title from publisher's block. Page 1 missing from June 28, 1895 issue.</subfield></datafield><datafield ind1=" " ind2=" " tag="500"><subfield code="a">Issue called: Special Illustrated Historical Ed., Mar. 16, 1906.</subfield></datafield><datafield ind1=" " ind2=" " tag="515"><subfield code="a">Irregular numbering.</subfield></datafield><datafield ind1=" " ind2="0" tag="651"><subfield code="a">Clare (Mich.)</subfield><subfield code="v">Newspapers.</subfield></datafield><datafield ind1=" " ind2="0" tag="651"><subfield code="a">Clare County (Mich.)</subfield><subfield code="v">Newspapers.</subfield></datafield><datafield ind1=" " ind2="7" tag="655"><subfield code="a">Newspapers.</subfield><subfield code="2">fast</subfield><subfield code="0">(OCoLC)fst01423814</subfield></datafield><datafield ind1=" " ind2="7" tag="651"><subfield code="a">Michigan</subfield><subfield code="z">Clare.</subfield><subfield code="2">fast</subfield><subfield code="0">(OCoLC)fst01219680</subfield></datafield><datafield ind1=" " ind2="7" tag="651"><subfield code="a">Michigan</subfield><subfield code="z">Clare County.</subfield><subfield code="2">fast</subfield><subfield code="0">(OCoLC)fst01205196</subfield></datafield><datafield ind1=" " ind2=" " tag="752"><subfield code="a">United States</subfield><subfield code="b">Michigan</subfield><subfield code="c">Clare</subfield><subfield code="d">Clare.</subfield></datafield><datafield ind1="0" ind2="4" tag="785"><subfield code="t">Clare sentinel (Clare, Mich. : 1896)</subfield><subfield code="w">(DLC)sn 96076769</subfield><subfield code="w">(OCoLC)35010906</subfield></datafield></record>